<record><leader>00000cas a22000007a 4500</leader><controlfield tag="001">21427789</controlfield><controlfield tag="008">900425d18841910mouwr ne      0    0eng d</controlfield><datafield ind1=" " ind2=" " tag="010"><subfield code="a">sn 90061594 </subfield></datafield><datafield ind1=" " ind2=" " tag="040"><subfield code="a">MQN</subfield><subfield code="b">eng</subfield><subfield code="c">MQN</subfield><subfield code="d">OCLCQ</subfield></datafield><datafield ind1=" " ind2=" " tag="042"><subfield code="a">msc</subfield></datafield><datafield ind1="0" ind2="0" tag="245"><subfield code="a">Cole County democrat.</subfield></datafield><datafield ind1=" " ind2=" " tag="260"><subfield code="a">Jefferson City, Mo. :</subfield><subfield code="b">Joseph R. Edwards</subfield></datafield><datafield ind1=" " ind2=" " tag="300"><subfield code="a">v.</subfield></datafield><datafield ind1=" " ind2=" " tag="310"><subfield code="a">Weekly</subfield></datafield><datafield ind1="0" ind2=" " tag="362"><subfield code="a">Vol. 1, no. 1 (June 6, 1884)-</subfield></datafield><datafield ind1="1" ind2=" " tag="362"><subfield code="a">Ceased in 1910?</subfield></datafield><datafield ind1=" " ind2=" " tag="580"><subfield code="a">Daily eds.: Daily Cole County democrat &lt;Apr. 22, 1902&gt;-July 19, 1902; Daily democrat (Jefferson City, Mo.), July 20-Sept. 9, 1902; Cole County daily democrat, Sept. 10, 1902-&lt;1910?&gt;.</subfield></datafield><datafield ind1=" " ind2="4" tag="651"><subfield code="a">Jefferson City (Mo.)</subfield><subfield code="v">Newspapers.</subfield></datafield><datafield ind1=" " ind2=" " tag="752"><subfield code="a">United States</subfield><subfield code="b">Missouri</subfield><subfield code="c">Cole</subfield><subfield code="d">Jefferson City.</subfield></datafield><datafield ind1="1" ind2=" " tag="775"><subfield code="t">Daily Cole County democrat</subfield><subfield code="w">(DLC)sn 90061591</subfield></datafield><datafield ind1="1" ind2=" " tag="775"><subfield code="t">Daily democrat (Jefferson City, Mo.)</subfield><subfield code="w">(DLC)sn 90061592</subfield></datafield><datafield ind1="1" ind2=" " tag="775"><subfield code="t">Cole County daily democrat</subfield><subfield code="w">(DLC)sn 90061593</subfield></datafield><datafield ind1="0" ind2="7" tag="785"><subfield code="t">Jefferson City weekly tribune</subfield><subfield code="w">(DLC)sn 90061588</subfield></datafield><datafield ind1="0" ind2="7" tag="785"><subfield code="t">Weekly democrat-tribune</subfield><subfield code="w">(DLC)sn 90061589</subfield></datafield><datafield ind1="1" ind2=" " tag="029"><subfield code="a">AU@</subfield><subfield code="b">000025853095</subfield></datafield></record>